@ARTICLE{tgangwar,
  author={Gangwar, Tripti and Padhy, Narayana Prasad and Jena, Premalata},
  journal={IEEE Trans. Ind. Inform.}, 
  title={Storage Allocation in Active Distribution Networks Considering Life Cycle and Uncertainty}, 
  year={2023},
  month={Jan.},
  volume={19},
  number={1},
  pages={339-350},
  doi={10.1109/TII.2022.3167382}}

@ARTICLE{spaul,
  author={Paul, Subho and Padhy, Narayana Prasad},
  journal={IEEE Syst. J.}, 
  title={Real-Time Advanced Energy-Efficient Management of an Active Radial Distribution Network}, 
  year={2022},
  month={Sept.},
  volume={16},
  number={3},
  pages={3602-3612},
  doi={10.1109/JSYST.2021.3113038}}

@ARTICLE{Yuan,
  author={Yuan, Haoyu and Li, Fangxing and Wei, Yanli and Zhu, Jinxiang},
  journal={IEEE Trans. Smart Grid}, 
  title={Novel Linearized Power Flow and Linearized OPF Models for Active Distribution Networks With Application in Distribution LMP}, 
  year={2018},
  month={Jan.},
  volume={9},
  number={1},
  pages={438-448},
  doi={10.1109/TSG.2016.2594814}}

@ARTICLE{Wei,
  author={Wei, Wei and Wang, Jianhui and Wu, Lei},
  journal={IEEE Trans. Power Syst.}, 
  title={Distribution Optimal Power Flow With Real-Time Price Elasticity}, 
  year={2018},
  month={Jan.},
  volume={33},
  number={1},
  pages={1097-1098},
  doi={10.1109/TPWRS.2017.2691558}}

@ARTICLE{Guo,
  author={Guo, Zhongjie and Wei, Wei and Chen, Laijun and Dong, ZhaoYang and Mei, Shengwei},
  journal={IEEE Trans. Power Syst.}, 
  title={Parametric Distribution Optimal Power Flow With Variable Renewable Generation}, 
  year={2022},
  month={May},
  volume={37},
  number={3},
  pages={1831-1841},
  doi={10.1109/TPWRS.2021.3110528}}

@ARTICLE{Fazio,
  author={Di Fazio, A. R. and Risi, C. and Russo, M. and De Santis, M.},
  journal={Appl. Sci.}, 
  title={Decentralized Voltage Optimization Based on the Auxiliary Problem Principle in Distribution Networks with DERs}, 
  year={2021},
  volume={11},
  number={4509},
  pages={1-24},
  doi={10.3390/app11104509}}

@ARTICLE{Zheng,
  author={Zheng, Weiye and Wu, Wenchuan and Zhang, Boming and Sun, Hongbin and Liu, Yibing},
  journal={IEEE Trans. Smart Grid}, 
  title={A Fully Distributed Reactive Power Optimization and Control Method for Active Distribution Networks}, 
  year={2016},
  month={Mar.},
  volume={7},
  number={2},
  pages={1021-1033},
  doi={10.1109/TSG.2015.2396493}}

@ARTICLE{Wang,
  author={Wang, Pengda and Wu, Qiuwei and Huang, Sheng and Li, Canbing and Zhou, Bin},
  journal={J. Modern Power Syst. Clean Energy}, 
  title={ADMM-based Distributed Active and Reactive Power Control for Regional AC Power Grid with Wind Farms}, 
  year={2022},
  month={May},
  volume={10},
  number={3},
  pages={588-596},
  doi={10.35833/MPCE.2020.000918}}

@ARTICLE{Biswas,
  author={Biswas, Biswajit Dipan and Hasan, Md Shamim and Kamalasadan, Sukumar},
  journal={IEEE Trans. Ind. Appl.}, 
  title={Decentralized Distributed Convex Optimal Power Flow Model for Power Distribution System Based on Alternating Direction Method of Multipliers}, 
  year={2023},
  month={Jan.-Feb.},
  volume={59},
  number={1},
  pages={627-640},
  doi={10.1109/TIA.2022.3217023}}

@ARTICLE{Gabash,
  author={Gabash, Aouss and Li, Pu},
  journal={IEEE Trans. Power Syst.}, 
  title={Active-Reactive Optimal Power Flow in Distribution Networks With Embedded Generation and Battery Storage}, 
  year={2012},
  month={Nov.},
  volume={27},
  number={4},
  pages={2026-2035},
  doi={10.1109/TPWRS.2012.2187315}}

@ARTICLE{Wu,
  author={Wu, Chenyu and Gu, Wei and Zhou, Suyang and Chen, Xiaogang},
  journal={IEEE Trans. Power Syst.}, 
  title={Coordinated Optimal Power Flow for Integrated Active Distribution Network and Virtual Power Plants Using Decentralized Algorithm}, 
  year={2021},
  month={Jul.},
  volume={36},
  number={4},
  pages={3541-3551},
  doi={10.1109/TPWRS.2021.3049418}}

@ARTICLE{Sadnan,
  author={Sadnan, Rabayet and Dubey, Anamika},
  journal={IEEE Trans. Power Syst.}, 
  title={Distributed Optimization Using Reduced Network Equivalents for Radial Power Distribution Systems}, 
  year={2021},
  month={Jul.},
  volume={36},
  number={4},
  pages={3645-3656},
  doi={10.1109/TPWRS.2020.3049135}}

@article{bfm01,
  author    = {Farivar, Masoud and Low, Steven H.},
  title     = {{Branch flow model: Relaxations and convexification}},
  booktitle = {{2012 IEEE 51st IEEE Conference on Decision and Control (CDC)}},
  journal   = {2012 IEEE 51st IEEE Conference on Decision and Control (CDC)},
  pages     = {3672--3679},
  year      = {2012},
  month     = {Dec.},
  issn      = {0743-1546},
  publisher = {IEEE},
  doi       = {10.1109/CDC.2012.6425870}
}

@arti@article{ddp_sugar_01,
  author    = {Agarwal, Aayushya and Pileggi, Larry},
  title     = {{Large Scale Multi-Period Optimal Power Flow With Energy Storage Systems Using Differential Dynamic Programming}},
  journal   = {IEEE Trans. Power Syst.},
  volume    = {37},
  number    = {3},
  pages     = {1750--1759},
  year      = {2021},
  month     = {Sep.},
  issn      = {1558-0679},
  publisher = {IEEE},
  doi       = {10.1109/TPWRS.2021.3115636}
}

@arti@article{Nazir2018Jun,
  author    = {Nazir, Nawaf and Almassalkhi, Mads},
  title     = {{Receding-Horizon Optimization of Unbalanced Distribution Systems with Time-Scale Separation for Discrete and Continuous Control Devices}},
  booktitle = {{2018 Power Systems Computation Conference (PSCC)}},
  journal   = {2018 Power Systems Computation Conference (PSCC)},
  pages     = {1--7},
  year      = {2018},
  month     = {Jun.},
  publisher = {IEEE},
  doi       = {10.23919/PSCC.2018.8442555}
}

@arti@article{Nazir2019Jun,
  author  = {Nazir, Nawaf and Racherla, Pavan and Almassalkhi, Mads},
  title   = {{Optimal multi-period dispatch of distributed energy resources in unbalanced distribution feeders}},
  journal = {arXiv},
  year    = {2019},
  month   = {Jun.},
  eprint  = {1906.04108},
  doi     = {10.48550/arXiv.1906.04108}
}

@inco@incollection{Qian2014Jul,
  author    = {Qian, Xiaodong and Zhu, Yuanguo},
  title     = {{Differential Dynamic Programming for Multistage Uncertain Optimal Control}},
  booktitle = {{2014 Seventh International Joint Conference on Computational Sciences and Optimization}},
  journal   = {2014 Seventh International Joint Conference on Computational Sciences and Optimization},
  pages     = {88--92},
  year      = {2014},
  month     = {Jul.},
  publisher = {IEEE},
  doi       = {10.1109/CSO.2014.25}
}

@misc{comedLivePrices,
	title = {{Live Prices - ComEd{'}s Hourly Pricing}},
	journal = {ComEd{'}s Hourly Pricing},
	year = {2023},
	month = {Jun.},
	note = {[Online; accessed 16. Nov. 2023]},
	url = {https://hourlypricing.comed.com/live-prices/?date=20231110}
}

@article{Lehmann2015Mar,
	author = {Lehmann, Karsten and Grastien, Alban and Van Hentenryck, Pascal},
	title = {{AC-Feasibility on Tree Networks is NP-Hard}},
	journal = {IEEE Trans. Power Syst.},
	volume = {31},
	number = {1},
	pages = {798--801},
	year = {2015},
	month = mar,
	publisher = {IEEE},
	doi = {10.1109/TPWRS.2015.2407363}
}

@article{Nazir2021Sep,
	author = {Nazir, Nawaf and Almassalkhi, Mads},
	title = {{Guaranteeing a Physically Realizable Battery Dispatch Without Charge-Discharge Complementarity Constraints}},
	journal = {IEEE Trans. Smart Grid},
	volume = {14},
	number = {3},
	pages = {2473--2476},
	year = {2021},
	month = sep,
	publisher = {IEEE},
	doi = {10.1109/TSG.2021.3109805}
}

@article{Baran1989Apr,
	author = {Baran, M. E. and Wu, F. F.},
	title = {{Network reconfiguration in distribution systems for loss reduction and load balancing}},
	journal = {IEEE Trans. Power Delivery},
	volume = {4},
	number = {2},
	pages = {1401--1407},
	year = {1989},
	month = apr,
	publisher = {IEEE},
	doi = {10.1109/61.25627}
}

@incollection{Gan,
	author = {Gan, Lingwen and Low, Steven H.},
	title = {{Convex relaxations and linear approximation for optimal power flow in multiphase radial networks}},
	booktitle = {{2014 Power Systems Computation Conference}},
	pages = {18--22},
	isbn = {978-83-935801-3-2},
	publisher = {IEEE},
	address = {Poland},
	doi = {10.1109/PSCC.2014.7038399}
}

@incollection{Farivar,
	author = {Farivar, Masoud and Chen, Lijun and Low, Steven},
	title = {{Equilibrium and dynamics of local voltage control in distribution systems}},
	booktitle = {{52nd IEEE Conference on Decision and Control}},
	journal = {Published in: 52nd IEEE Conference on Decision and Control},
	pages = {10--13},
	issn = {0191-2216},
	publisher = {IEEE},
	doi = {10.1109/CDC.2013.6760555}
}

@misc{OpenDSS-Website,
	title = {{OpenDSS}},
	year = {2024},
	month = mar,
	note = {[Online; accessed 28. Mar. 2024]},
	url = {https://www.epri.com/pages/sa/opendss}
}

@ARTICLE{Chowdhury,
  author={Chowdhury, Md Mahmud-Ul-Tarik and Biswas, Biswajit Dipan and Kamalasadan, Sukumar},
  journal={IEEE Trans. Smart Grid}, 
  title={Second-Order Cone Programming (SOCP) Model for Three Phase Optimal Power Flow (OPF) in Active Distribution Networks}, 
  year={2023},
  volume={14},
  number={5},
  pages={3732-3743},
  keywords={Load flow;Load modeling;Computational modeling;Voltage;Reactive power;Mathematical models;Couplings;Three-phase optimal power flow (OPF);convex relaxation;branch flow model;second-order conic programming (SOCP);and mutual coupling coefficient},
  doi={10.1109/TSG.2023.3241216}}

@INPROCEEDINGS{Paul2,
  author={Paul, Subho and Ganguly, Biswarup and Chatterjee, Soumya},
  booktitle={2023 IEEE 3rd International Conference on Smart Technologies for Power, Energy and Control (STPEC)}, 
  title={Nesterov-Type Accelerated ADMM (N-ADMM) with Adaptive Penalty for Three-Phase Distributed OPF under Non-Ideal Data Transfer Scenarios}, 
  year={2023},
  volume={},
  number={},
  pages={1-6},
  keywords={Adaptive systems;Distribution networks;Data transfer;Convex functions;Distributed algorithms;Computational complexity;Convergence;Adaptive penalty;Nesterov-type accelerated ADMM;non-ideal data transfer;three-phase linear OPF},
  doi={10.1109/STPEC59253.2023.10430875}}

@ARTICLE{Alizadeh,
  author={Alizadeh, Mohammad Iman and Capitanescu, Florin},
  journal={IEEE Trans. Power Syst.}, 
  title={A Tractable Linearization-Based Approximated Solution Methodology to Stochastic Multi-Period AC Security-Constrained Optimal Power Flow}, 
  year={2023},
  volume={38},
  number={6},
  pages={5896-5908},
  keywords={Generators;Security;Uncertainty;Contingency management;Computational modeling;Load flow;Voltage control;Congestion management;flexibility;security-constrained optimal power flow;voltage control},
  doi={10.1109/TPWRS.2022.3220283}}

@ARTICLE{Usman,
  author={Usman, Muhammad and Capitanescu, Florin},
  journal={IEEE Trans. Sustain. Energy}, 
  title={Three Solution Approaches to Stochastic Multi-Period AC Optimal Power Flow in Active Distribution Systems}, 
  year={2023},
  volume={14},
  number={1},
  pages={178-192},
  keywords={Voltage;Stochastic processes;Optimization;Computational modeling;Mathematical models;Reactive power;Transformers;Active distribution systems;flexibility;multi-period optimal power flow;stochastic optimization;tractability},
  doi={10.1109/TSTE.2022.3205213}}

@ARTICLE{Fan,
  author={Fan, Fulin and Kockar, Ivana and Xu, Han and Li, Jingsi},
  journal={CSEE J. Power and Energy Syst.}, 
  title={Scheduling framework using dynamic optimal power flow for battery energy storage systems}, 
  year={2022},
  volume={8},
  number={1},
  pages={271-280},
  keywords={Time-domain analysis;Schedules;Predictive models;Load modeling;Generators;Battery energy storage;day(s)-ahead scheduling;dynamic optimal power flow;load smoothing;renewable energy},
  doi={10.17775/CSEEJPES.2020.03710}}

@ARTICLE{Zhang1,
  author={Zhang, Jian and He, Yigang},
  journal={IEEE Access}, 
  title={Fast Solving Method for Two-Stage Multi-Period Robust Optimization of Active and Reactive Power Coordination in Active Distribution Networks}, 
  year={2023},
  volume={11},
  number={},
  pages={30208-30222},
  keywords={Optimization;Distribution networks;Reactive power;Computational modeling;Mathematical models;Load modeling;Uncertainty;Active distribution network;robust optimization;branch flow equations;active and reactive power coordination;SOCP},
  doi={10.1109/ACCESS.2022.3217645}}

@ARTICLE{Aghdam,
  author={Aghdam, F. H. and Mudiyanselage, M. W. and Mohammadi-Ivatloo, B. and Marzband, M.},
  journal={Applied Energy}, 
  title={Optimal scheduling of multi-energy type virtual energy storage system in reconfigurable distribution networks for congestion management}, 
  year={2023},
  volume={33},
  number={120569},
  pages={1-17},
  }

@misc{MPOPFRepo,
	title = {{MultiPeriod-DistOPF-Benchmark}},
	journal = {GitHub},
	year = {2024},
	month = jul,
	note = {[Online; accessed 15. Jul. 2024]},
	url = {https://github.com/Realife-Brahmin/MultiPeriod-DistOPF-Benchmark}
}